
@inproceedings{deVries2014,
 author = {de Vries, Edsko and L\"{o}h, Andres},
 title = {True Sums of Products},
 booktitle = {Proceedings of the 10th ACM SIGPLAN Workshop on Generic Programming},
 series = {WGP '14},
 year = {2014},
 isbn = {978-1-4503-3042-8},
 location = {Gothenburg, Sweden},
 pages = {83--94},
 numpages = {12},
 url = {http://doi.acm.org/10.1145/2633628.2633634},
 doi = {10.1145/2633628.2633634},
 acmid = {2633634},
 publisher = {ACM},
 address = {New York, NY, USA},
 keywords = {datatype-generic programming, generic views, json, lenses, metadata, sums of products, universes},
} 

@inproceedings{Yakushev2009,
 author = {Yakushev, Alexey Rodriguez and Holdermans, Stefan and L\"{o}h, Andres and Jeuring, Johan},
 title = {Generic Programming with Fixed Points for Mutually Recursive Datatypes},
 booktitle = {Proceedings of the 14th ACM SIGPLAN International Conference on Functional Programming},
 series = {ICFP '09},
 year = {2009},
 isbn = {978-1-60558-332-7},
 location = {Edinburgh, Scotland},
 pages = {233--244},
 numpages = {12},
 url = {http://doi.acm.org/10.1145/1596550.1596585},
 doi = {10.1145/1596550.1596585},
 acmid = {1596585},
 publisher = {ACM},
 address = {New York, NY, USA},
 keywords = {datatype-generic programming, fixed points, haskell, mutually recursive datatypes},
} 
@inproceedings{Magalhaes2010,
 author = {Magalh\~{a}es, Jos{\'e} Pedro and Dijkstra, Atze and Jeuring, Johan and L\"{o}h, Andres},
 title = {A Generic Deriving Mechanism for Haskell},
 booktitle = {Proceedings of the Third ACM Haskell Symposium on Haskell},
 series = {Haskell '10},
 year = {2010},
 isbn = {978-1-4503-0252-4},
 location = {Baltimore, Maryland, USA},
 pages = {37--48},
 numpages = {12},
 url = {http://doi.acm.org/10.1145/1863523.1863529},
 doi = {10.1145/1863523.1863529},
 acmid = {1863529},
 publisher = {ACM},
 address = {New York, NY, USA},
 keywords = {datatype-generic programming, haskell, type classes},
} 